@article{RS:1960,
	 author = {Reed, I.S. and Solomon, G},
	 title = {Polynomial Codes Over Certain Finite Fields},
	 journal = {Journal of the Society for Industrial and Applied Mathematics},
	 volume = {8},
	 issue = {2},
	 month = {June},
	 year = {1960},
	 pages = {300--304},
	 numpages = {4},
	 url = {http://www.jstor.org/discover/10.2307/2098968?uid=3739736&uid=2134&uid=2&uid=70&uid=4&uid=3739256&sid=21103823072253},
	 publisher = {Society for Industrial and Applied Mathematics},
} 

@article{Sklar:2001,
	 author = {Sklar, B},
	 title = {Reed Solmon Codes},
	 year = {2001},
	 url = {http://ptgmedia.pearsoncmg.com/images/art_sklar7_reed-solomon/elementLinks/art_sklar7_reed-solomon.pdf},
	 publisher = {Prentice-Hall},
} 

@book{Hall:2012,
	 author = {Hall, J.I.},
	 title = {Notes on Coding Theory},
	 year = {2012},
	 publisher = {Michigan State University},
}

@misc{ wiki:crc,
   author = "Wikipedia",
   title = "Cyclic redundancy check --- Wikipedia{,} The Free Encyclopedia",
   year = "2014",
   url = "http://en.wikipedia.org/w/index.php?title=Cyclic_redundancy_check&oldid=604950413",
 }
